<record><leader>00000cas a2200000 a 4500</leader><controlfield tag="001">11911257</controlfield><controlfield tag="008">850412d18801882ksuwr ne      0    0eng d</controlfield><datafield ind1=" " ind2=" " tag="010"><subfield code="a">sn 85030173 </subfield></datafield><datafield ind1=" " ind2=" " tag="040"><subfield code="a">KSH</subfield><subfield code="b">eng</subfield><subfield code="c">KSH</subfield><subfield code="d">NPT</subfield><subfield code="d">OCL</subfield><subfield code="d">OCLCQ</subfield></datafield><datafield ind1=" " ind2=" " tag="042"><subfield code="a">msc</subfield></datafield><datafield ind1="0" ind2="4" tag="245"><subfield code="a">The Americus weekly herald.</subfield></datafield><datafield ind1=" " ind2=" " tag="260"><subfield code="a">Americus, Kan. :</subfield><subfield code="b">Doty &amp; Roberts,</subfield><subfield code="c">1880-1882.</subfield></datafield><datafield ind1=" " ind2=" " tag="300"><subfield code="a">2 v. ;</subfield><subfield code="c">57 cm.</subfield></datafield><datafield ind1=" " ind2=" " tag="310"><subfield code="a">Weekly</subfield></datafield><datafield ind1="0" ind2=" " tag="362"><subfield code="a">Vol. 1, no. 1 (Dec. 7, 1880)-v. 2, no. 16 (May 11, 1882).</subfield></datafield><datafield ind1=" " ind2=" " tag="500"><subfield code="a">Published by D.J. Roberts, Mar. 24, 1881-May 11, 1882.</subfield></datafield><datafield ind1=" " ind2=" " tag="752"><subfield code="a">United States</subfield><subfield code="b">Kansas</subfield><subfield code="c">Lyon</subfield><subfield code="d">Americus.</subfield></datafield></record>